<?xml version="1.0" encoding="UTF-8"?><collection><record><leader>07685ntm a2200529 a 4500</leader><controlfield tag="001">006768282</controlfield><controlfield tag="003">MiAaHDL</controlfield><controlfield tag="005">20190719000000.0</controlfield><controlfield tag="006">m        d        </controlfield><controlfield tag="007">cr bn ---auaua</controlfield><controlfield tag="008">090505s14uu    xx            00| ||ara d</controlfield><datafield tag="035" ind1=" " ind2=" "><subfield code="a">(MiU)006768282</subfield></datafield><datafield tag="035" ind1=" " ind2=" "><subfield code="a">sdr-miu006768282</subfield></datafield><datafield tag="040" ind1=" " ind2=" "><subfield code="a">MiU</subfield><subfield code="c">MiU</subfield><subfield code="e">amremm</subfield></datafield><datafield tag="043" ind1=" " ind2=" "><subfield code="a">n-us-mi</subfield></datafield><datafield tag="100" ind1="1" ind2=" "><subfield code="6">880-01</subfield><subfield code="a">Jurjānī, ʻAlī ibn Muḥammad,</subfield><subfield code="c">al-Sayyid al-Sharīf,</subfield><subfield code="d">1340-1413.</subfield></datafield><datafield tag="245" ind1="1" ind2="0"><subfield code="6">880-03</subfield><subfield code="a">Sharḥ al-Mawāqif,</subfield><subfield code="f">[15th century?].</subfield></datafield><datafield tag="260" ind1=" " ind2=" "><subfield code="c">[14--?]</subfield></datafield><datafield tag="300" ind1=" " ind2=" "><subfield code="a">347 leaves :</subfield><subfield code="b">paper ;</subfield><subfield code="c">180 x 130 (135 x 85) mm. bound to 180 x 135 mm.</subfield></datafield><datafield tag="500" ind1=" " ind2=" "><subfield code="a">Shelfmark: Ann Arbor, University of Michigan, Special Collections Library, Isl. Ms. 506</subfield></datafield><datafield tag="500" ind1=" " ind2=" "><subfield code="a">Origin: As appears in colophon on fol.346b (p.692), copied by ("katabahu...") ʻAbd al-Faqīr. Date of transcription is not specified.</subfield></datafield><datafield tag="500" ind1=" " ind2=" "><subfield code="a">Accompanying materials: a. Inventory cataloguing slip in hand of Winifred Smeaton Thomas. -- b. Acquisitions slip from Yahuda.</subfield></datafield><datafield tag="500" ind1=" " ind2=" "><subfield code="a">Former shelfmark: From inner front cover and spine label, "IL 366" (likely supplied by Yahuda, see acquisitions slip) ; on tail-edge "١٦٤".</subfield></datafield><datafield tag="500" ind1=" " ind2=" "><subfield code="a">Binding: Pasteboards covered in dark red leather with patches of light brown leather at edges of upper and lower covers and in repairs to spine ; Type II binding (with flap) ; paper pastedowns and flyleaves in rough brown paper ; interior of flap in yellow paper and the same red-brown leather leather ; upper and lower covers each carry a blind-stamped, scalloped (17 lobes) mandorla 52 mm. high (compare Déroche class. NSd 9) accompanied by pendants and a double border consisting of a series of fillets ; three pendants appear on the envelope flap and two on the fore-edge flap ; sewn in red thread, four stations ; worked chevron endbands in red and yellow, immaculate condition ; threads broken in table of contents and final bifolium ; in fair condition with abrasion and typical wear ; repairs.</subfield></datafield><datafield tag="500" ind1=" " ind2=" "><subfield code="a">Support: A number of papers appear in the various parts of the codex ; [1] primary paper is an Oriental laid paper (possibly 15th century Egyptian or Persian paper?) with 3/3/2 chainlines, 8-11 mm. between chainlines, 46 mm. between the sets of 3 and 43 between the sets of 3 and 2 ; the laidlines are very closely set and not very distinct ; [2] table of contents supplied in a European laid paper with horizontal chainlines approx. 25 mm. apart and watermark, namely a 6-pointed star approx. 32 mm. high, centered on a chainline, with the letters C and S (?) beneath, each aprrox. 25 mm. high ; [3] initial replacement folia (quire following the table of contents) on a European laid paper with indistinct chainlines and no apparent watermark ; [4] other replacement folia (fourth quire and final three quires) in a European laid paper with chainlines approx. 24 mm. apart and watermark, namely a lion rampant in a shield with a trefoil above and writing beneath, "T O S C O L A N O".</subfield></datafield><datafield tag="500" ind1=" " ind2=" "><subfield code="a">Decoration: Text rubricated with mainly overlining appearing in red ; a number of small diagrams appear in the margins of the book ; those on pp.332, 366, and 376 are extremely rudimentary and seem to deal with simple geometrical concepts ; two sets of circles on p.415 and p.416 occupy a section on astronomy, and the somewhat more elaborate and partially rubricated geometrical diagrams on p.458 and p.459 accompany a discussion of optics ; another oblong figure appears on p.466.</subfield></datafield><datafield tag="500" ind1=" " ind2=" "><subfield code="a">Script: Naskh ; three Persianate hands ; [1] primary hand is a rather small, neat Persianate naskh, quite casually pointed and unvowelled ; alifs are almost vertical and sans serif ; The dot of the nūn is incorporated to the point of being non-existent ; ʻAlá written with a rightward-pointing descender ; [2] table of contents is in a very casual Persianate naskh, largely unpointed and totally unvowelled ; [3] replacement hand is a late Persianate naskh, pointed, unvowelled, with nūn having the incorporated dot.</subfield></datafield><datafield tag="500" ind1=" " ind2=" "><subfield code="a">Layout: Written in 21-25 lines per page (main in 25, replacement folia at beginning in 24, replacement folia close in 21-23) ; frame-ruled (impression of misṭarah evident).</subfield></datafield><datafield tag="500" ind1=" " ind2=" "><subfield code="a">Collation: III(6), 1+I (9), 1+II (14), III-1 (19), 16 V(179), VI(191), VII(205), 11 V(315), VI(327), V(337), IV+I (347) ; foliated in red Hindu-Arabic numerals, generally in the top left corner of each recto, begins with ١ on p.17 and ends with ۳۳۸ on p.691 ; obviously done sometime after the glossing and trimming of the ms. ; catchwords present, though many lost to trimming ; pagination in pencil, Western numerals (supplied during cataloguing).</subfield></datafield><datafield tag="500" ind1=" " ind2=" "><subfield code="a">Colophon: "Scribal," rectangular, reads: "تمت الكتاب بعون الله الملك الوهاب كتبه عبد الفقير"</subfield></datafield><datafield tag="500" ind1=" " ind2=" "><subfield code="a">Explicit: "ولكن هذا اخر الكلام من كتاب المواقف ونسأل الله تعالى أن يثبت قلبنا على دينه ولا بزيغه بعد الهداية ويعصمنا عن الغواية ويوقفنا للاقتداء برسول الله واصحابه والتابعين لهم باحسان ويعفو عن طغيان القلم وما لا يخلق [كذا] عنه البشر من السهو والذلل وان يعاملنا بفضله ورحمته انه هو العفو الرحيم قد تمت"</subfield></datafield><datafield tag="500" ind1=" " ind2=" "><subfield code="a">Incipit: "ضمن خطبة كتابه الإشارة إلى مقاصد علم الكلام رعاية لبراعة الإستهلال فبسمل اولا يتمنا ثم قال الحمد لله العلى شانه إلى أخره وحاله في ذاته وصفاته وأقعاله فانه جامع لجهات علو الشان "</subfield></datafield><datafield tag="500" ind1=" " ind2=" "><subfield code="a">Title from inscription on fol.1a (p.1).</subfield></datafield><datafield tag="500" ind1=" " ind2=" "><subfield code="a">Ms. codex.</subfield></datafield><datafield tag="510" ind1="4" ind2=" "><subfield code="a">Ḥājjī Khalīfah. Kashf al-ẓunūn,</subfield><subfield code="c">iv 236, no.13356</subfield></datafield><datafield tag="510" ind1="4" ind2=" "><subfield code="a">Brockelmann, C. GAL,</subfield><subfield code="c">SII, 289</subfield></datafield><datafield tag="510" ind1="4" ind2=" "><subfield code="a">Brockelmann, C. GAL,</subfield><subfield code="c">II, 208-9</subfield></datafield><datafield tag="520" ind1="8" ind2=" "><subfield code="a">Fine early copy of the commentary (completed in Shawwāl 807 in Samarqand) on Kitāb al-mawāqif fī ʻilm al-kalām, the renowned work on theology by ʻAbd al-Raḥmān ibn Aḥmad ʻAḍūḍ al-Dīn al-Ījī (d. 756/1355). Description provided by Noah Gardiner.</subfield></datafield><datafield tag="538" ind1=" " ind2=" "><subfield code="a">Mode of access: Internet.</subfield></datafield><datafield tag="541" ind1=" " ind2=" "><subfield code="a">Acquired in 1926 from the bookseller Isaac Benjamin S.E. Yahuda via purchase transacted on his behalf by Abraham Shalom Yahuda (1877-1951), his younger brother.</subfield></datafield><datafield tag="546" ind1=" " ind2=" "><subfield code="a">Arabic.</subfield></datafield><datafield tag="561" ind1=" " ind2=" "><subfield code="a">Square seal impression appears numerous times on fol. 8a (p.15), fol. 8b(p.16), and fol.34b (p.692), likely reads "عبد الرحيم سنة ۱۱۹۹" ; this date (1199 [1784-85]) provides a terminus ante quem for the repairs (depending on the elapsed time between the making of the seal and its impression in the ms.) ; beside the seal impression on fol.8b (p.16) a waqf statement appears "وقف اولاد ذكور" ; glosses and corrections in various Persianate naskhs appear throughout, bulk may have been supplied by the ms. copyist.</subfield></datafield><datafield tag="600" ind1="1" ind2="0"><subfield code="a">Ījī, ʻAḍud al-Dīn ʻAbd al-Raḥmān ibn Aḥmad,</subfield><subfield code="d">-1355?</subfield><subfield code="t">Mawāqif fī ʻilm al-kalām.</subfield></datafield><datafield tag="650" ind1=" " ind2="0"><subfield code="a">Manuscripts, Arabic</subfield><subfield code="z">Michigan</subfield><subfield code="z">Ann Arbor.</subfield></datafield><datafield tag="650" ind1=" " ind2="0"><subfield code="a">Islam</subfield><subfield code="x">Doctrines</subfield><subfield code="v">Early works to 1800.</subfield></datafield><datafield tag="700" ind1="1" ind2="2"><subfield code="6">880-04</subfield><subfield code="a">Ījī, ʻAḍud al-Dīn ʻAbd al-Raḥmān ibn Aḥmad,</subfield><subfield code="d">-1355?</subfield><subfield code="t">Mawāqif fī ʻilm al-kalām.</subfield></datafield><datafield tag="773" ind1="0" ind2=" "><subfield code="a">Yahuda Collection.</subfield></datafield><datafield tag="880" ind1="1" ind2="2"><subfield code="6">700-04/</subfield><subfield code="a">إيجي، عضد الدين عبد الرحمن ابن أحمد,</subfield><subfield code="d">d. 1355?.</subfield><subfield code="t">مواقف في علم الكلام.</subfield></datafield><datafield tag="880" ind1="1" ind2="0"><subfield code="6">245-03/</subfield><subfield code="a">شرح المواقف,</subfield><subfield code="f">[القرن 15م؟].</subfield></datafield><datafield tag="880" ind1="1" ind2=" "><subfield code="6">100-01/</subfield><subfield code="a">جرجاني، علي بن محمد،</subfield><subfield code="c">السيد الشريف.</subfield></datafield><datafield tag="CID" ind1=" " ind2=" "><subfield code="a">006768282</subfield></datafield><datafield tag="DAT" ind1="0" ind2=" "><subfield code="a">20190719102635.0</subfield><subfield code="b">20190719000000.0</subfield></datafield><datafield tag="DAT" ind1="1" ind2=" "><subfield code="a">20190719090653.0</subfield><subfield code="b">2019-07-19T16:11:21Z</subfield></datafield><datafield tag="DAT" ind1="2" ind2=" "><subfield code="a">2015-10-02T18:00:03Z</subfield></datafield><datafield tag="CAT" ind1=" " ind2=" "><subfield code="a">SDR-MIU</subfield><subfield code="d">EX LIBRIS - ALEPH</subfield><subfield code="l">prepare.pl-004-008</subfield></datafield><datafield tag="FMT" ind1=" " ind2=" "><subfield code="a">BK</subfield></datafield><datafield tag="HOL" ind1=" " ind2=" "><subfield code="0">sdr-miu006768282</subfield><subfield code="a">MiU</subfield><subfield code="b">SDR</subfield><subfield code="c">MIU</subfield><subfield code="p">mdp.39015079125301</subfield><subfield code="s">MIU</subfield><subfield code="1">006768282</subfield></datafield><datafield tag="974" ind1=" " ind2=" "><subfield code="b">MIU</subfield><subfield code="c">MIU</subfield><subfield code="d">20190719</subfield><subfield code="s">lit-dlps-dc</subfield><subfield code="u">mdp.39015079125301</subfield><subfield code="y">1499</subfield><subfield code="r">pd</subfield><subfield code="q">bib</subfield><subfield code="t">non-US bib date1 &lt; 1896</subfield></datafield></record></collection>